@book{book:1192846,
   title =     {Elementary Number Theory and Its Applications},
   author =    {Kenneth H. Rosen},
   publisher = {Pearson},
   isbn =      {9780321717757},
   year =      {2011},
   series =    {},
   edition =   {6th},
   volume =    {}
}

@book{book:1194703,
   title =     {Elementary Number Theory},
   author =    {David M. Burton},
   publisher = {McGraw-Hill Higher Education},
   isbn =      {9780073383149},
   year =      {2010},
   series =    {},
   edition =   {7th},
   volume =    {},
}
